4434 5706
268 2195 493 2304 Propositum
508 2229 559 2287 est
577 2225 671 2296 mihi,
690 2223 731 2284 de
745 2221 898 2302 figurisf)
910 2225 1086 2285 verborum
1099 2224 1320 2299 potissimum,
1336 2241 1418 2303 quas
1432 2227 1556 2286 lumina
1570 2225 1726 2286 orationis
1740 2223 1925 2285 acicerone

203 2332 380 2408 appellatas
399 2343 473 2389 esse
492 2324 673 2403 constat,“)
692 2327 852 2402 perhanc
870 2325 1034 2388 scribendi
1052 2327 1328 2401 opportunitatem
1347 2328 1491 2387 oblatam
1509 2329 1622 2404 paucis
1641 2327 1814 2398 disserere,
1831 2327 1876 2385 ita
1889 2328 1927 2384 ut

203 2449 260 2494 eas
275 2432 480 2509 potissimum
495 2427 682 2488 tractandas
696 2427 776 2487 mihi
789 2444 934 2500 sumam,
949 2445 1046 2506 quae,
1061 2443 1161 2504 quum
1174 2427 1326 2506 frequens
1341 2429 1384 2488 sit
1397 2429 1483 2505 apud
1495 2434 1610 2506 poetas
1623 2431 1757 2500 latinos,
1773 2426 1924 2487 Ovidium

203 2536 425 2612 potissimum,
449 2546 562 2591 earum
585 2545 679 2601 usus,
703 2531 784 2590 satis
807 2535 920 2590 tamen
942 2529 997 2590 diu
1021 2530 1062 2589 ab
1085 2531 1314 2606 interpretibus
1337 2532 1409 2607 plus
1433 2532 1542 2592 minus
1560 2531 1730 2606 neglectae
1748 2531 1925 2589 iacuerunt.

203 2638 332 2698 Etenim
350 2639 387 2694 ut
404 2635 556 2694 omnibus
577 2631 787 2693 manifestum
806 2635 856 2691 est
876 2631 994 2690 harum
1011 2630 1178 2692 literarum
1195 2632 1322 2707 peritis,
1341 2635 1463 2709 quanto
1479 2633 1586 2694 studio
1602 2638 1635 2694 et
1648 2634 1772 2704 labore,
1789 2636 1925 2708 quanto-

204 2755 268 2816 que
291 2736 413 2811 ingenii
438 2735 586 2795 acumine
607 2750 677 2794 rem
699 2734 844 2794 criticam
862 2732 1039 2793 factitarint
1055 2733 1115 2791 viri
1133 2729 1233 2806 docti,
1256 2740 1442 2812 quantaque
1461 2734 1627 2811 diligentia
1644 2740 1678 2794 et
1696 2734 1873 2810 sagacitate
1892 2734 1927 2793 in

204 2839 325 2915 regulis
350 2837 573 2913 grammaticis
595 2839 684 2896 recte
707 2834 927 2911 proponendis
948 2835 1071 2894 versati
1094 2834 1169 2904 sint,
1194 2835 1240 2893 ita
1256 2853 1323 2897 non
1341 2837 1449 2896 minus
1468 2851 1624 2910 apparere
1643 2834 1723 2894 mihi
1739 2834 1868 2896 videtur
1886 2835 1925 2907 ei,

204 2957 303 3019 quam
322 2956 408 2999 nunc
426 2942 624 2998 tractaturus
642 2937 719 3010 sim,
741 2937 838 3012 parti,
863 2953 961 3013 quam
979 2938 1086 3010 possis
1104 2953 1223 2997 vocare
1243 2937 1312 2998 sive
1330 2939 1527 2999 rhetoricam
1546 2937 1614 2996 sive
1632 2937 1860 3010 aestheticam‚
1884 2940 1925 2999 ab

203 3041 396 3110 editoribus,
416 3043 587 3114 poetarum
606 3042 707 3111 certe,
721 3055 787 3099 non
801 3039 881 3098 satis
895 3054 992 3098 curae
1007 3039 1192 3113 impensum
1208 3035 1343 3113 essem)
1375 3036 1476 3097 Simul
1493 3042 1604 3097 autem
1620 3037 1706 3096 hunc
1719 3040 1926 3114 potissimum

181 3145 313 3226 locum
335 3140 433 3215 elegi,
457 3143 494 3197 ut
515 3138 679 3215 discipulis
702 3141 824 3200 nostris
848 3157 888 3200 ex
908 3141 971 3200 hac
994 3140 1168 3214 scriptione
1191 3138 1311 3215 aliquid
1330 3138 1495 3199 commodi
1512 3146 1703 3202 nasceretur
1719 3142 1925 3216 habentibus,

204 3244 291 3304 unde
313 3245 476 3318 peterent,
502 3241 530 3300 si
554 3243 609 3318 qui
628 3241 711 3302 liber
732 3242 794 3301 hac
818 3242 851 3300 in
873 3259 909 3301 re
927 3241 1146 3302 consulendus
1164 3245 1267 3315 esset3
1290 3241 1417 3300 namin
1437 3243 1726 3319 grammaticorum
1743 3242 1845 3313 libris,
1870 3245 1926 3321 qui

205 3346 303 3420 vulgo
321 3344 354 3403 in
372 3343 523 3402 manibus
541 3343 684 3402 tironum
702 3345 791 3414 sunt,
814 3343 897 3403 haec
916 3358 968 3402 res
987 3349 1043 3402 aut
1062 3344 1188 3404 silentio
1206 3343 1473 3419 praetermittitur
1490 3348 1547 3403 aut
1565 3345 1754 3404 summatim
1771 3345 1927 3406 breviter·

207 3463 271 3525 que
299 3445 451 3519 tangitur.
494 3444 564 3503 lam
585 3459 663 3505 vero
691 3445 724 3504 in
750 3443 836 3503 hanc
858 3445 1055 3504 sententiam
1079 3445 1240 3505 adductus
1262 3460 1336 3505 sum
1359 3452 1396 3503 ut
1419 3461 1588 3517 censeam,
1616 3447 1738 3507 tirones
1761 3447 1860 3507 etiam
1883 3447 1926 3508 ad

206 3551 326 3609 iustam
351 3547 468 3604 harum
498 3561 610 3604 rerum
635 3545 806 3606 scientiam
828 3546 951 3605 sensim
975 3551 1007 3606 et
1028 3547 1261 3623 pedetemptim
1284 3544 1508 3606 informandos
1531 3562 1617 3619 esse,
1647 3547 1716 3607 sine
1738 3564 1803 3625 qua
1823 3566 1924 3610 nemo

206 3654 339 3727 poetam
367 3647 508 3723 aliquem
536 3649 682 3707 veterem
707 3651 798 3707 recte
821 3646 1001 3722 intelligere
1024 3649 1140 3724 possit,
1167 3648 1288 3709 nedum
1308 3652 1345 3706 ut
1367 3648 1524 3708 imitando
1545 3648 1636 3706 illum
1659 3653 1758 3724 queat
1778 3651 1925 3712 reddere.

206 3753 373 3827 Quantum
391 3753 501 3807 autem
520 3764 559 3807 ex
579 3747 630 3806 his
648 3749 746 3808 rebus
764 3749 920 3824 impertiri
938 3748 1056 3810 debeat
1072 3749 1261 3811 inferiorum
1278 3748 1429 3808 ordinum
1448 3749 1626 3824 discipulis,
1649 3765 1689 3809 ea
1707 3753 1855 3826 quaestio
1874 3756 1927 3812 est

206 3853 286 3912 artis
302 3850 493 3922 didacticae,
511 3866 577 3909 non
594 3850 692 3908 huius
709 3849 780 3908 loci.

373 3951 436 4023 Ac,
455 3951 542 4028 quod
561 3967 660 4027 supra
676 3951 780 4026 posui,
794 3953 900 4010 totum
913 3950 1001 4011 hunc
1014 3951 1123 4011 locum
1137 3967 1194 4025 per
1208 3951 1289 4010 satis
1301 3952 1437 4028 longum
1451 3956 1595 4027 tempus,
1609 3953 1758 4029 quamvis
1772 3952 1925 4013 florerent

206 4055 316 4115 studia
338 4053 551 4130 antiquitatis,
578 4052 764 4127 neglectum
785 4052 939 4122 iacuisse,
965 4068 1065 4129 quum
1088 4053 1120 4111 in
1142 4053 1331 4113 universum
1353 4055 1519 4115 neminem
1541 4053 1654 4129 fugere
1678 4058 1787 4129 potest
1807 4054 1924 4113 harum

208 4172 316 4217 rerum
341 4155 540 4230 peritiorem,
563 4158 648 4225 tum,
671 4153 699 4212 si
717 4154 865 4229 exemplo
884 4153 927 4213 ad
945 4153 1222 4229 comprobandum
1242 4169 1324 4230 opus
1343 4159 1407 4227 est,
1428 4169 1605 4231 possumus
1624 4155 1673 4214 uti
1690 4155 1803 4215 Naelrii
1821 4156 1858 4214 V.
1875 4155 1923 4227 1),

382 4424 409 4491 *)
427 4420 573 4488 „Figuram
594 4433 732 4472 censemus
759 4433 817 4470 eam
845 4433 903 4473 esse
930 4418 1050 4472 dictionis
1072 4417 1211 4482 rationem,
1239 4433 1306 4485 quae
1327 4424 1433 4486 praeter
1453 4418 1492 4483 ld,
1519 4420 1590 4488 quod
1611 4421 1751 4476 verborum
1773 4420 1922 4487 significatu

206 4507 424 4575 comprehensum
451 4513 503 4570 est,
530 4503 628 4571 ahquid
650 4502 721 4572 aliud
743 4502 801 4570 ipsa
823 4502 1029 4589 conformatione
1052 4501 1178 4554 orationis
1199 4491 1351 4570 exprimat“
1389 4502 1556 4559 Hermannus
1579 4505 1612 4558 de
1636 4504 1784 4560 differentia
1804 4520 1874 4572 pros.
1896 4510 1924 4558 et

205 4598 274 4659 pm
291 4597 505 4743 ormo³1³)8'Brut.
525 4682 563 4727 79.
581 4673 614 4726 de
632 4677 697 4725 orat
715 4670 762 4735 111,
781 4678 821 4723 ba.
839 4679 880 4725 54.
897 4670 968 4724 Orat
986 4677 1026 4724 39.
1045 4678 1085 4723 to.
1111 4669 1246 4725 vocabulo
1263 4671 1408 4740 figruanrm
1426 4672 1483 4740 ipse
1502 4672 1593 4727 Cicero
1610 4690 1664 4728 non
1681 4675 1771 4728 utitur.

357 4762 410 4829 ἠ··)
427 4760 485 4814 Hoc
503 4775 583 4827 quum
599 4757 697 4819 scribo,
716 4770 770 4809 non
787 4756 891 4823 ignoro,
909 4757 1069 4810 recentiores
1086 4754 1213 4822 quosdam
1231 4755 1265 4809 ad
1277 4763 1362 4811 totum
1375 4758 1445 4811 hunc
1458 4758 1544 4811 locum
1557 4759 1641 4826 magis
1655 4760 1757 4812 animos
1769 4757 1922 4824 ostendisse,

205 4860 222 4898 e
240 4846 336 4914 quibus
353 4844 466 4912 exempli
482 4845 568 4912 gratia
584 4843 664 4897 laudo
682 4841 858 4908 Vccmelium,
875 4842 1056 4906 Schenklium,
1074 4839 1267 4895 Rehdautzium
1283 4841 1311 4894 in
1328 4841 1431 4896 edendo
1448 4842 1624 4911 Xenophonte
1641 4850 1669 4898 et
1684 4842 1870 4898 Demosthene.

1676 4930 1711 4995 ¹.
