4434 5706
359 613 397 685 V,
422 615 463 679 86
481 619 514 674 et
532 614 582 678 87.
607 611 867 688 Caucasiumque
894 611 1017 672 Abarin
1034 642 1079 656 -
1096 609 1291 689 Clytumque
1317 608 1513 693 (adversarii
1539 612 1651 672 Persei
1678 615 1920 682 enumerantur,

188 724 376 787 coniunctio
400 724 504 799 copul.
527 719 665 803 sexies);
683 738 713 780 v.
732 723 795 785 607
813 727 847 782 et
865 722 937 785 608.
955 721 1068 799 Usque
1092 722 1153 781 sub
1177 722 1410 783 Orchomenon
1426 725 1521 781 -et
1543 721 1614 781 lilin
1636 718 1726 803 (loca
1750 723 1811 783 sub
1834 737 1919 799 quae
2015 700 2016 704 ¹

187 836 272 912 fugit
289 829 479 914 Arethusa).

355 943 414 1015 Vl,
439 945 604 1006 414-26.
626 942 799 1018 Argosque
818 942 919 1001 —ab
946 941 1071 1002 Isthmo
1097 937 1319 1023 (enumeratio
1345 944 1491 1015 urbium,
1519 959 1603 1020 quae
1631 945 1760 1020 legatos
1786 943 1918 1004 Thebas

188 1051 368 1132 miserint);
387 1070 416 1112 v.
436 1054 621 1116 596-600.
640 1051 744 1113 Venit.
756 1083 799 1094 —
816 1050 1064 1129 Attonitamque
1083 1051 1172 1112 ducit
1190 1048 1341 1130 (septies,
1360 1053 1527 1129 praecedit
1545 1049 1685 1133 asynd.).

355 1163 429 1235 vll,
451 1166 489 1225 51
507 1168 540 1223 ct
558 1164 607 1224 52.
625 1162 877 1236 fratremque-
892 1161 934 1220 Et
951 1164 1060 1223 natale
1077 1163 1200 1236 solum3
1219 1179 1248 1221 v.
1266 1165 1429 1227 192-98.
1448 1179 1596 1241 quaeque
1616 1163 1738 1224 diurnis
1749 1197 1792 1206 —
1803 1161 1917 1221 adeste

188 1270 368 1356 (invocatio
391 1273 544 1343 Medeae,
571 1268 778 1348 duodecies);
797 1288 826 1330 v.
846 1273 1003 1335 461-71.
1021 1273 1106 1333 Hine
1122 1274 1282 1348 Anaphen
1303 1274 1472 1334 —iuvere
1496 1281 1583 1334 rates
1606 1270 1823 1352 (praecedunt
1841 1256 1918 1331 ana-

191 1385 322 1461 diplosis
339 1390 371 1444 et
385 1383 605 1460 epanalepsis,
620 1381 737 1441 deinde
753 1381 924 1457 quinquies
939 1383 1069 1458 copula3
1084 1383 1181 1444 indea
1194 1401 1223 1442 v.
1238 1358 1439 1448 mainerum
1455 1382 1659 1466 quinquies);
1672 1402 1702 1444 v.
1714 1387 1784 1448 536.
1799 1399 1918 1443 canum

190 1495 423 1572 volucrumque
436 1527 478 1537 —
492 1494 593 1569 Inque
612 1493 688 1552 feris
707 1489 913 1572 (assonantia
930 1494 1088 1568 imprimis
1106 1495 1260 1572 frequens
1278 1495 1311 1552 in
1329 1495 1391 1553 hac
1409 1497 1688 1555 terminatione-
1701 1490 1782 1575 um);
1802 1511 1830 1552 v.
1847 1494 1918 1555 547.

190 1605 342 1682 silvisque
362 1607 513 1683 agrisque
532 1605 657 1678 viisque
676 1597 731 1683 (cf.
752 1596 891 1683 asson.);
910 1620 939 1661 v.
958 1605 1020 1666 656
1039 1608 1072 1665 et
1090 1607 1139 1667 57.
1161 1621 1362 1681 parvumque
1381 1621 1486 1680 genus
1504 1639 1547 1649 —
1565 1611 1598 1665 et
1618 1606 1731 1683 qui-
1749 1605 1919 1664 reservent

190 1711 314 1795 (mores
333 1715 577 1791 Myrmidonum
599 1713 777 1773 efferuntur
795 1709 1035 1794 polysyndeto).

357 1826 447 1896 VIII,
470 1826 520 1886 22.
544 1824 710 1899 Armaque
737 1836 905 1897 equosque
938 1823 1134 1900 habitusque
1164 1823 1401 1902 Cydoneasque
1428 1825 1599 1900 pharetras
1628 1820 1761 1903 (quater
1788 1823 1821 1881 in
1850 1837 1915 1880 uno

189 1951 302 2007 versu,
316 1961 360 1989 =
373 1937 494 2010 pariter
507 1933 618 1994 omnia
630 1929 755 2010 norat);
769 1947 798 1989 v.
811 1931 970 1995 302—17.
984 1933 1175 2009 primaeque
1189 1935 1269 1992 ratis
1280 1967 1322 1977 —
1333 1935 1452 2010 Lycaei
1468 1931 1719 2014 (enumerantur
1732 1937 1916 2001 venatores,

190 2047 245 2122 qui
264 2045 464 2121 Calydonem
482 2047 706 2103 convenerunt
725 2076 765 2087 -
784 2041 955 2118 quinquies
975 2048 1008 2102 et
1025 2043 1125 2102 vicies
1144 2043 1274 2117 copula,
1297 2049 1413 2120 quater
1429 2045 1567 2104 variavit
1584 2041 1706 2122 poeta).

355 2148 606 2216 Πολυσύνδετον
624 2146 818 2235 (συνάφεια,
842 2166 1041 2225 connexum,
1059 2154 1257 2213 contrarium
1277 2151 1448 2235 asyndeti)
1462 2157 1597 2216 schema
1615 2159 1666 2213 est
1685 2151 1917 2214 coniunctioni·

188 2268 250 2327 bus
279 2261 494 2346 abundans,*)
518 2263 606 2341 quod
628 2279 694 2322 non
716 2264 763 2320 ita
786 2261 1011 2335 accipiendum
1034 2269 1097 2334 est,
1127 2265 1220 2339 quasi
1244 2281 1320 2324 vere
1345 2266 1513 2326 abundent
1535 2265 1779 2324 coniunctiones
1802 2266 1917 2321 contra
2022 2317 2029 2337 ,

190 2392 286 2435 usum
315 2377 507 2450 scriptorum
537 2373 776 2449 prosaicorum,
805 2378 940 2432 omatus
972 2376 1100 2431 tantum
1129 2374 1245 2448 poetici
1274 2390 1376 2434 causa
1397 2374 1526 2434 additae
1551 2389 1829 2449 supervacaneae,
1856 2372 1915 2432 sed

190 2485 428 2561 polysyndeton
447 2490 498 2544 est
516 2484 619 2545 oratio
639 2483 777 2542 muitum
797 2483 961 2558 copulata,
981 2483 1040 2542 sed
1059 2484 1210 2558 copulata
1228 2483 1269 2543 ad
1283 2501 1357 2543 eam
1371 2486 1493 2560 legem,
1508 2500 1591 2562 quae
1608 2485 1705 2543 etiam
1719 2484 1752 2542 iu
1766 2482 1913 2542 oratione

189 2579 333 2672 pedestri
353 2597 454 2666 valet,
477 2599 514 2654 ut
531 2598 588 2652 aut
606 2594 718 2652 omnia
735 2594 820 2652 inter
838 2608 873 2652 se
892 2594 1077 2668 iungantur,
1096 2598 1153 2652 aut
1171 2593 1263 2664 nihil,
1282 2594 1321 2653 iis
1341 2595 1594 2669 exceptionibus,
1613 2608 1710 2670 quas,
1730 2608 1830 2669 quum
1849 2593 1914 2651 sint

190 2707 397 2774 notissimae,
420 2720 506 2763 nunc
528 2705 631 2762 mitto.
665 2703 734 2762 Iam
753 2703 828 2762 hinc
852 2704 1030 2777 explicatur
1053 2718 1166 2776 eausa,
1190 2720 1247 2764 cur
1265 2704 1350 2779 apud
1370 2704 1504 2765 eosdem
1523 2710 1667 2775 veteres,
1691 2703 1745 2780 qui
1764 2702 1914 2778 asyndeti

191 2817 395 2892 frequentem
422 2829 520 2873 usum
546 2812 694 2885 fecerint,
720 2829 785 2872 non
812 2813 920 2873 minus
946 2814 1103 2873 usitatum
1131 2814 1173 2873 sit
1200 2814 1454 2891 polysyndeton,
1484 2815 1634 2891 quamvis
1657 2815 1842 2889 oppositum
1860 2813 1913 2871 illi

191 2927 345 2987 Nostram
365 2925 493 2986 dicendi
514 2924 784 2985 consuetudinem
803 2923 830 2983 si
849 2939 1091 2999 comparamus,
1111 2928 1253 2997 constat,
1272 2926 1304 2984 in
1324 2925 1546 2985 enumerando
1565 2940 1626 2984 nos
1648 2939 1777 3000 quoque
1793 2923 1914 2998 aliqua-

190 3043 286 3097 tenus
309 3051 409 3111 posse
426 3036 489 3095 hac
507 3036 613 3110 figura
630 3035 690 3105 uti,
714 3035 747 3093 in
767 3034 836 3092 aliis
855 3038 965 3093 autem
983 3036 1081 3095 rebus
1101 3035 1266 3105 omnibus,
1288 3036 1460 3109 praecipue
1479 3036 1511 3094 in
1531 3034 1719 3110 copulandis
1738 3032 1913 3092 enuntiatis

193 3151 226 3208 et
248 3146 405 3206 membris
427 3146 699 3215 enuntiationum,
718 3159 739 3202 a
756 3144 963 3219 polysyndeti
980 3160 1042 3205 usu
1060 3143 1155 3204 valde
1174 3144 1358 3203 abhorrere.
1392 3143 1538 3203 Variavit
1555 3151 1653 3220 poeta
1670 3145 1755 3203 hanc
1773 3144 1914 3217 figuram

189 3256 388 3332 interpositis
410 3256 494 3327 aliis,
517 3245 675 3329 imprimis
699 3253 872 3328 asyndeto,
896 3255 1131 3314 verumetiam
1156 3254 1336 3328 anaphora,
1359 3254 1551 3328 anadiplosi,
1574 3271 1637 3314 usu
1662 3273 1728 3314 cum
1751 3266 1913 3327 praepos,

191 3368 314 3438 verbis,
341 3380 425 3443 quae
453 3363 652 3439 adiungendi
677 3364 845 3423 notionem
871 3365 1007 3435 habent,
1030 3365 1124 3442 quale
1152 3364 1357 3439 potissimum
1384 3365 1521 3424 verbum
1549 3362 1913 3438 aequaturusque

193 3478 341 3553 copulam
359 3474 547 3550 negativam
565 3474 715 3548 iungeret
731 3474 839 3533 verbis
859 3474 999 3534 carendi.
1029 3475 1135 3549 Quum
1155 3472 1393 3549 polysyndeton
1411 3474 1474 3534 hoo
1493 3491 1611 3534 munus
1629 3474 1763 3545 habeat,
1782 3481 1818 3532 ut
1837 3488 1913 3532 oum

191 3589 314 3664 impetu
343 3585 486 3663 quodam
508 3588 541 3644 et
565 3585 597 3642 vi
620 3585 749 3656 efferat,
777 3583 870 3658 plura
894 3586 1090 3645 coniunctim
1115 3590 1171 3643 aut
1192 3583 1293 3642 fuisse
1316 3588 1373 3641 aut
1391 3586 1554 3656 evenisse,
1574 3590 1829 3645 consentaneum
1851 3587 1911 3655 est,

191 3699 331 3773 primum
350 3711 449 3771 saepe
468 3694 580 3755 addita
597 3695 663 3768 legi
679 3694 835 3753 adverbia
848 3698 982 3773 pariter,
1002 3695 1111 3767 st'mul,
1130 3694 1262 3766 similia;
1282 3693 1398 3753 deinde
1417 3695 1480 3754 hoc
1497 3696 1632 3755 schema
1647 3694 1911 3771 frequentissime

193 3808 343 3882 usurpari
360 3808 393 3866 in
412 3804 625 3866 describendo
644 3805 696 3863 vel
714 3804 952 3877 enumerando;
977 3820 1140 3881 nusquam
1158 3809 1281 3874 autem,
1300 3819 1374 3864 mea
1392 3804 1524 3880 quidem
1543 3806 1718 3876 sententia,
1737 3807 1806 3864 sine
1825 3806 1913 3865 iusta

193 3932 308 3988 causa,
330 3920 461 3992 propter
483 3919 634 3974 omatum
653 3918 780 3973 tantum
798 3914 976 3989 poeticum,
1000 3914 1057 3974 sed
1077 3929 1207 3989 semper
1224 3914 1282 3985 ita,
1301 3919 1420 3974 utnon
1441 3914 1568 3975 difficile
1585 3915 1734 3975 videatur
1751 3917 1911 3976 rationem

192 4026 341 4097 reddere,
360 4043 417 4087 cur
434 4027 498 4085 hoc
516 4025 722 4099 potissimum
739 4024 812 4084 loco
832 4025 883 4083 vel
900 4025 953 4084 illo
972 4039 1052 4084 usus
1070 4025 1112 4083 sit
1128 4030 1234 4100 poeta.
1263 4025 1377 4085 Restat
1393 4031 1429 4084 ut
1446 4025 1558 4101 paucis
1577 4025 1617 4085 de
1631 4027 1911 4086 coniunctionibus

192 4139 270 4213 ipsis
296 4137 421 4214 loquar,
444 4136 562 4212 quibus
585 4135 825 4211 polysyndeton
847 4133 999 4194 eflicitur:
1024 4133 1111 4210 quod
1135 4135 1162 4193 si
1186 4139 1237 4194 est
1259 4136 1356 4210 paulo
1377 4136 1520 4211 longina,
1543 4135 1610 4196 fere
1633 4138 1752 4212 ubique
1773 4137 1819 4194 ita
1840 4151 1910 4195 rem

192 4248 329 4306 instituit
348 4245 498 4316 Ovidius,
517 4250 553 4303 ut
571 4263 629 4325 que
647 4244 908 4305 coniunctionem
927 4245 1057 4319 saepius
1074 4245 1245 4319 repetitam
1264 4253 1293 4305 et
1312 4247 1495 4306 coniunctio
1511 4246 1649 4321 excipiat
1662 4263 1702 4307 eo
1717 4246 1910 4316 discrimine,

192 4357 278 4434 quod
300 4359 334 4417 in
357 4357 544 4416 universum
567 4355 651 4414 inter
673 4356 733 4415 has
757 4355 932 4429 particulas
956 4354 1139 4426 intercedit,
1165 4355 1205 4415 de
1228 4372 1292 4432 quo
1316 4373 1390 4416 oum
1413 4357 1465 4415 alii
1488 4357 1580 4416 multi
1603 4362 1821 4431 exposuerunt
1839 4360 1910 4414 tum

192 4466 470 4541 Naegelsbachius
493 4467 564 4542 styl.
584 4466 637 4524 lat.
660 4483 689 4539 p.
714 4465 879 4527 380-87.
904 4464 1064 4524 Videntur
1084 4480 1137 4534 ea,
1162 4480 1244 4540 quae
1267 4483 1325 4540 per
1347 4483 1403 4546 que
1424 4467 1573 4541 copulam
1598 4483 1743 4528 connexa
1765 4472 1853 4536 sunt,
1876 4467 1910 4525 in

361 4810 387 4872 ⁸)
407 4807 528 4873 Quinctil.
546 4806 596 4867 lX,
615 4815 642 4866 3,
661 4815 701 4858 51.
