4434 5706
213 320 238 405 l

212 553 278 630 qui¹
291 569 391 629 quum
410 568 496 612 anno
514 552 610 611 huius
629 553 752 613 saeculi
771 551 1045 611 duodetricesimo
1065 551 1106 612 de
1125 553 1356 624 alhteratione,
1381 556 1473 616 cuius
1490 558 1615 631 figurae
1633 572 1713 617 usus
1733 563 1766 619 et
1781 560 1940 624 latissime

212 658 304 730 patet
335 660 369 714 et
396 654 470 714 inde
499 655 540 713 ab
570 654 805 730 antiquissimis
831 655 937 728 poetis
965 653 1069 728 repeti
1095 657 1219 728 potest,
1253 660 1406 718 accurate
1431 664 1464 717 et
1491 657 1662 733 diligenter
1690 660 1939 740 disseruisset,*)

213 755 385 815 videbatur
402 755 599 832 quibusdam
613 771 733 813 novam
747 754 891 830 aliquam
905 758 1042 826 terram,
1057 755 1257 830 incognitam
1272 758 1457 830 etiamtum,
1471 759 1589 819 harum
1603 760 1770 823 literarum
1786 765 1940 826 studiosis

214 858 391 933 aperuisse.
413 859 475 917 Vix
488 856 521 915 id
535 857 604 917 fieri
619 871 716 930 posse
729 859 911 930 putaveris3
928 856 1106 932 explicatur
1119 863 1230 915 tamen
1245 856 1321 916 inde
1337 858 1439 934 quod,
1454 876 1555 935 quum
1570 877 1628 934 per
1637 862 1772 936 longum
1784 868 1940 941 temporis

214 959 435 1028 intervallum,
453 963 490 1016 ut
507 958 668 1032 prioribus
682 959 846 1040 erroribus
861 958 1023 1019 medelam
1037 958 1204 1026 afferrent,
1218 958 1252 1016 in
1265 959 1516 1033 interpretandis
1531 963 1791 1042 explicandisque
1807 970 1940 1042 scripto-

213 1062 304 1121 ribus
333 1060 567 1135 grammaticae
600 1061 806 1133 potissimum
836 1061 997 1119 rationem
1025 1060 1197 1128 haberent,
1228 1058 1262 1116 id
1291 1061 1432 1120 maxime
1464 1065 1569 1123 secuti
1596 1069 1634 1123 ut
1662 1068 1812 1140 syntaxin
1842 1085 1940 1145 quam

214 1164 405 1224 certissimis
437 1163 558 1237 regulis
589 1161 844 1234 adstringerent,
875 1161 908 1220 in
940 1161 1058 1237 quibus
1087 1160 1203 1220 dandis
1231 1165 1414 1237 categorias
1440 1165 1564 1239 logicas
1589 1182 1752 1226 summam
1781 1175 1814 1228 et
1841 1186 1940 1245 prope

214 1267 345 1325 unicam
367 1279 519 1324 normam
541 1265 603 1323 sibi
627 1262 865 1337 proponebant,
889 1261 1013 1322 vitandi
1034 1262 1153 1322 erroris
1177 1262 1285 1323 studio
1307 1265 1341 1323 in
1365 1266 1517 1335 alterum,
1541 1271 1578 1325 ut
1595 1268 1730 1339 assolet,
1755 1273 1939 1345 oppositum

214 1366 338 1426 inducti
364 1370 470 1423 totum
495 1365 582 1423 hunc
605 1364 728 1433 locum,
753 1365 808 1439 qui
833 1364 935 1422 altera
959 1381 998 1423 ex
1021 1373 1112 1438 parte
1136 1365 1319 1424 locutiones
1339 1373 1372 1425 et
1389 1366 1669 1441 phraseologiam‚
1696 1386 1794 1446 quam
1812 1380 1940 1442 vocant,

216 1468 455 1542 complectitur,
479 1484 519 1525 ex
536 1467 639 1525 altera
656 1466 717 1523 has
735 1466 873 1539 figuras,
896 1465 1047 1540 syntaxin
1067 1481 1167 1542 quam
1184 1471 1305 1526 vocant
1322 1472 1472 1527 ornatam
1491 1469 1570 1527 etsi
1589 1485 1672 1545 quae
1692 1472 1755 1530 alia
1775 1475 1880 1548 magis
1899 1474 1941 1533 ad

215 1586 314 1630 usum
332 1570 463 1642 linguae
482 1584 682 1644 sensumque
701 1567 842 1642 aliquem
860 1565 1303 1637 11111111111111111111111,
1325 1581 1423 1642 quam
1443 1566 1484 1626 ad
1502 1573 1703 1646 praescripta
1718 1573 1856 1648 logices,
1874 1593 1940 1636 non

216 1674 286 1732 sine
304 1672 471 1731 literarum
488 1670 634 1744 ipsarum
652 1668 848 1728 detrimento
862 1669 1073 1742 negligerent.
1107 1667 1233 1740 Quodsi
1251 1668 1306 1743 qui
1319 1667 1417 1728 hodie
1430 1669 1648 1744 inveniantur,
1663 1675 1717 1749 qui
1731 1675 1818 1736 hunc
1831 1678 1940 1737 locum

215 1790 281 1835 non
299 1789 374 1833 esse
393 1772 504 1847 magni
522 1771 681 1830 momenti
699 1770 883 1844 opinentur,
902 1769 1035 1828 videant
1051 1783 1092 1827 ne
1111 1769 1144 1826 in
1162 1785 1271 1829 errore
1290 1769 1378 1828 haud
1396 1786 1497 1845 parvo
1515 1779 1702 1834 versentur:
1720 1777 1940 1853 refragrantes

216 1875 350 1954 quidem
367 1881 496 1950 praeter
515 1879 643 1933 ceteros
660 1873 828 1932 habebunt
845 1875 973 1930 veteres
991 1870 1093 1944 ipsos,
1112 1871 1229 1947 quippe
1248 1873 1303 1948 qui
1315 1872 1490 1946 plurimum
1505 1874 1538 1934 in
1552 1875 1615 1936 hac
1628 1877 1834 1951 potissimum
1848 1886 1940 1954 parte

217 1979 413 2040 elaborarint
431 1982 464 2034 et
481 1975 654 2034 universae
672 1973 798 2034 formae
814 1973 997 2047 elegantiae
1016 1987 1180 2032 summam
1199 1988 1313 2033 curam
1324 1973 1549 2047 impenderint.
1577 1977 1714 2039 Accedit
1728 1979 1815 2054 quod
1830 1997 1940 2056 quum,

217 2095 315 2140 secus
338 2083 436 2154 atque
460 2076 547 2151 apud
567 2092 628 2136 nos
651 2081 714 2146 est,
740 2090 824 2152 quos
847 2074 950 2135 111111
972 2074 1085 2135 audire
1106 2090 1173 2134 non
1194 2073 1324 2150 illepide
1344 2092 1449 2150 nuper
1471 2077 1520 2135 111
1537 2077 1670 2153 quidam
1688 2078 1833 2140 eruditus
1852 2081 1940 2155 dixit,

216 2182 328 2242 omnia
345 2180 391 2237 ita
408 2178 641 2247 scriberentur,
659 2181 697 2235 ut
712 2177 788 2235 1111
805 2192 887 2236 1111
905 2174 1121 2246 auditoribus,
1140 2177 1196 2253 qui
1213 2181 1333 2237 teretes
1351 2178 1511 2238 haberent
1524 2193 1637 2249 aures,
1656 2184 1713 2238 aut
1725 2183 1941 2243 recitarentur

217 2287 274 2342 aut
296 2282 424 2342 recitari
447 2284 639 2354 putarentur
661 2280 758 2356 (quae
783 2292 836 2336 res
859 2279 999 2351 pertinet
1020 2276 1120 2336 etiam
1140 2277 1195 2336 illa
1218 2294 1283 2339 non
1308 2280 1426 2355 exigua
1447 2297 1488 2339 ex
1509 2285 1601 2353 parte
1624 2279 1667 2338 ad
1689 2287 1938 2356 grammaticam

215 2387 236 2446 1.
257 2402 283 2446 1.
302 2382 518 2458 syntecticam
536 2381 714 2439 multorum
732 2379 878 2438 locorum
897 2379 1225 2455 interpretationem),
1248 2379 1357 2441 facere
1374 2396 1440 2441 non
1459 2384 1648 2455 potuerunt,
1667 2383 1743 2458 quin
1765 2388 1940 2446 accuratis-

217 2489 302 2548 sima
325 2483 493 2558 diligentia
515 2497 555 2542 ea
576 2486 824 2556 pertractarent,
849 2496 933 2557 quae
958 2481 1078 2540 scirent
1100 2481 1206 2554 prima
1226 2481 1259 2539 in
1283 2483 1410 2542 11111111
1432 2482 1588 2542 iudicium
1611 2481 1736 2543 deduci.
1770 2485 1839 2544 Iam
1861 2504 1940 2548 vero

216 2605 342 2657 rerum,
367 2600 451 2662 quae
474 2585 539 2643 huc
561 2581 751 2643 referendae
775 2587 865 2653 sunt,
888 2583 1036 2643 omnium
1056 2598 1206 2643 summus
1225 2581 1341 2643 artifex
1358 2584 1524 2643 communi
1542 2590 1692 2644 veterum
1710 2590 1743 2645 et
1759 2590 1939 2648 recentium

218 2704 396 2758 consensu,
412 2686 516 2746 extitit
531 2683 715 2760 Ovidius.⁸*)
734 2683 836 2744 Simul
850 2690 960 2745 autem
975 2684 1122 2761 sequitur
1136 2700 1176 2743 ex
1188 2685 1242 2756 iis,
1257 2701 1342 2761 quae
1356 2684 1463 2746 adhuc
1477 2685 1651 2760 disputavi,
1664 2691 1795 2748 nostrae
1810 2706 1940 2766 quoque

219 2793 337 2853 aetatis
362 2790 527 2856 homines,
555 2788 583 2847 si
605 2802 770 2847 summam
792 2791 941 2846 veterum
962 2786 997 2844 in
1018 2786 1080 2845 hac
1103 2801 1140 2844 re
1162 2785 1379 2861 diligentiam,
1406 2788 1616 2862 elegantiam,
1643 2790 1828 2849 ubertatem
1849 2797 1941 2852 recta

219 2897 330 2954 mente
347 2891 513 2965 percipere
531 2893 565 2948 et
582 2886 699 2948 deinde
717 2888 778 2964 ipsi
795 2886 954 2947 imitando
968 2885 1105 2947 reddere
1118 2887 1285 2956 studeant,
1300 2902 1365 2963 qua
1376 2887 1410 2946 in
1423 2904 1458 2947 re
1471 2889 1610 2962 plurima
1622 2890 1807 2950 etiamnunc
1823 2891 1940 2953 docere

219 3011 280 3056 nos
299 2997 437 3069 possunt
453 2998 597 3060 1111111,
614 2990 812 3049 laetissimos
830 3004 928 3064 posse
947 2988 1017 3049 eius
1037 2988 1136 3049 studii
1150 2989 1274 3050 fructus
1290 2989 1452 3065 hodieque
1466 2991 1641 3065 percipere.
1652 3025 1696 3034 —
1706 2992 1815 3052 Habet
1829 2997 1954 3052 autem

219 3098 317 3157 huius
338 3095 401 3155 loci
423 3093 575 3152 tractatio
600 3092 781 3166 peculiares
806 3089 980 3168 quasdam,
1003 3107 1110 3167 neque
1133 3106 1191 3150 eas
1209 3093 1358 3166 exiguas,
1383 3091 1598 3152 difficultates.
1633 3093 1762 3152 Etenim
1780 3094 1883 3152 altera
1900 3111 1941 3153 ex

220 3204 312 3276 parte
333 3200 452 3257 harum
469 3195 649 3269 figurarum
667 3209 748 3252 usus
766 3200 834 3251 tam
853 3193 917 3252 late
937 3198 1026 3267 patet
1044 3209 1083 3252 ex
1100 3192 1171 3266 ipso
1189 3192 1321 3268 linguae
1338 3192 1470 3267 ingenio
1489 3198 1593 3266 ortus,
1616 3199 1654 3253 ut
1669 3199 1757 3253 totus
1776 3194 1941 3254 interdum

218 3303 301 3362 liber
319 3296 551 3360 exscribendus
568 3295 670 3354 rideri
688 3296 805 3370 possit,
826 3295 853 3354 si
875 3296 994 3352 cuncta
1011 3292 1158 3353 eiusdem
1177 3294 1354 3354 schematis
1373 3295 1521 3369 exempla
1537 3295 1619 3355 11111
1636 3295 1769 3369 afferre;
1785 3312 1825 3356 ex
1838 3296 1942 3355 altera

218 3407 389 3476 tantopere
411 3400 495 3459 inter
516 3413 552 3457 se
576 3412 680 3457 nexae
701 3397 887 3472 ligataeque
912 3400 988 3455 sunt
1011 3401 1044 3454 et
1061 3395 1204 3472 quasiin
1223 3398 1435 3472 semetipsas
1453 3395 1649 3471 implicatae,
1672 3399 1755 3457 1111
1773 3396 1942 3473 digerendi

221 3519 323 3566 causa
338 3502 420 3562 11111
438 3502 470 3560 in
490 3504 579 3560 certa
596 3498 759 3575 quaedam
773 3499 880 3573 capita
893 3497 1100 3568 distribuere,
1116 3497 1169 3556 1111
1184 3513 1347 3575 aegreque
1363 3497 1507 3574 separari
1521 3512 1541 3556 a
1555 3512 1591 3556 se
1605 3513 1644 3557 ac
1657 3496 1765 3560 divelli
1777 3501 1942 3576 patiantur

222 3606 288 3683 (11,
311 3620 394 3682 quae
418 3601 556 3676 exempli
578 3615 679 3660 causa
696 3617 714 3660 e
734 3601 842 3659 multis
865 3600 981 3671 affero,
1005 3598 1221 3673 anaphoram,
1244 3600 1462 3676 polyptotum,
1488 3599 1763 3676 parallelismum).
1806 3599 1941 3660 Accedit

221 3712 329 3770 minor
346 3705 491 3784 quidem,
511 3702 569 3763 sed
586 3718 653 3761 non
671 3700 869 3778 spernenda,
889 3699 976 3778 quod
993 3700 1069 3760 inde
1084 3716 1104 3758 a
1119 3700 1320 3776 temporibus
1338 3707 1487 3761 veterum
1500 3700 1668 3761 rhetorum
1684 3717 1787 3779 usque
1802 3700 1843 3761 ad
1858 3702 1940 3762 haec

221 3818 335 3872 nostra
352 3823 483 3868 summa
500 3805 561 3864 luit
577 3804 814 3864 vocabulorum
828 3803 908 3862 artis
921 3803 954 3861 in
969 3803 1031 3862 hac
1045 3819 1080 3862 re
1094 3803 1249 3873 varietas,
1269 3802 1500 3875 inconstantia,
1516 3818 1616 3877 prope
1632 3801 1766 3862 dixerim
1781 3803 1938 3864 confusio.

221 3913 358 3975 Summa
375 3915 486 3970 autem
505 3913 538 3968 et
555 3907 727 3983 potissima
744 3904 932 3975 difficultas,
950 3909 986 3985 11
1003 3905 1037 3963 in
1050 3909 1119 3963 toto
1132 3903 1196 3964 hoc
1211 3920 1346 3979 genere,
1360 3903 1447 3979 quod
1460 3905 1568 3979 possis
1583 3905 1798 3965 aestheticum
1811 3921 1939 3976 111111,

223 4112 517 4125 μ...-

390 4247 417 4311 ⁸)
436 4241 574 4307 Leguntur
592 4238 638 4291 illa
655 4237 682 4288 in
700 4237 795 4290 Museo
813 4236 942 4290 Rhenano
960 4233 1134 4288 aNiehuhrio
1152 4243 1179 4287 11
1194 4234 1333 4288 Brendisio
1351 4235 1421 4288 edito
1439 4235 1753 4303 1111111314-118.
1781 4236 1812 4288 ln
1831 4235 1939 4289 exordio

223 4335 289 4388 haec
312 4332 395 4400 ipsius
411 4326 508 4381 Naekii
525 4324 607 4379 rerba
627 4321 723 4375 habes:
760 4322 819 4385 „Ac
836 4320 949 4375 fortasse
972 4322 1039 4374 lines
1060 4319 1138 4372 huius
1160 4320 1200 4373 rei
1217 4335 1295 4387 quarn
1312 4321 1365 4373 late
1382 4328 1537 4388 pateant-
1549 4325 1649 4393 111111
1667 4327 1714 4374 111
1730 4320 1843 4374 sensisse
1861 4320 1940 4386 dicar,

223 4425 281 4483 aut,
298 4414 421 4485 quoniam
439 4412 489 4463 hoc
507 4425 559 4463 nou
577 4407 663 4461 audeo
680 4407 780 4472 dicere,
797 4406 928 4476 probabili
945 4405 1023 4460 modo
1040 4405 1211 4459 declarasse.“

390 4501 430 4564 ⁸)
447 4494 522 4548 Adeo
544 4501 574 4547 ut
595 4493 648 4546 iarn
670 4493 803 4549 veteribus
824 4507 878 4546 non
900 4505 961 4544 raro
982 4490 1088 4544 modum
1107 4490 1187 4544 etiam
1209 4491 1354 4545 excessisse
1375 4491 1447 4545 risus
1468 4491 1503 4546 sit
1523 4492 1638 4561 (Seneca
1661 4490 1762 4544 Rhetor
1783 4489 1817 4543 de
1834 4491 1939 4546 Ovidis:

223 4589 383 4656 „Nunquam
401 4584 451 4637 scit
472 4582 592 4635 desinere
616 4579 686 4646 quod
708 4580 776 4632 bene
796 4578 926 4647 coepit“),
948 4577 1110 4644 signiferque
1132 4572 1219 4659 qussi·
1230 4575 1367 4630 habendus
1385 4579 1419 4630 sit
1435 4592 1527 4631 eorum
1544 4577 1671 4640 omnium,
1689 4576 1734 4642 qui
1750 4576 1940 4644 posterioribus

223 4671 397 4742 temporibus,
417 4669 445 4722 in
464 4668 673 4723 Romanensibus
691 4665 854 4732 potissimum
876 4664 971 4729 literis,
993 4663 1028 4716 ad
1049 4672 1140 4717 nostra
1161 4678 1245 4730 usque
1266 4669 1386 4729 tempora
1403 4663 1479 4716 abusi
1495 4662 1583 4730 potius
1601 4667 1663 4715 sunt
1678 4662 1735 4715 istis
1752 4662 1844 4729 figuris
1861 4676 1939 4729 quam

222 4758 272 4814 111.
299 4757 336 4811 Ci.
355 4754 497 4810 antithesin
514 4760 542 4806 et
559 4768 719 4821 oxymonnn.
747 4749 787 4802 De
804 4765 907 4802 summa
922 4748 1009 4802 Ovidii
1025 4749 1053 4801 in
1068 4747 1188 4802 versibus
1205 4746 1352 4815 pangendis
1370 4747 1502 4814 elegantia
1518 4746 1550 4800 cf.
1568 4748 1648 4800 etiam
1661 4746 1817 4817 Bernhardy
1835 4745 1940 4799 Grund-

220 4846 273 4904 riss
290 4844 338 4898 der
355 4840 513 4896 Rbmischen
530 4837 665 4891 Literatru
683 4846 705 4890 1.
723 4834 902 4902 Bearbeitung
918 4851 942 4902 p.
961 4843 1018 4887 441.
