4434 5706
237 578 315 639 inde
339 576 453 648 oritur,
475 574 563 653 quod
586 590 687 652 quum
709 576 827 635 harum
848 590 958 635 rerum
974 572 1131 635 iudicium
1150 590 1248 652 saepe
1266 572 1408 651 pendeat
1425 588 1492 632 non
1508 574 1578 630 tem
1596 587 1636 632 ex
1654 571 1820 646 cogitandi
1836 571 1966 647 legibus

239 680 336 741 certis
354 678 501 739 terminis
520 677 786 753 circumscriptis,
805 692 904 755 quam
922 693 963 737 ex
981 691 1083 737 sensu
1101 678 1208 754 aliquo
1227 677 1353 754 pulchri
1370 673 1579 750 venustique,
1599 672 1640 733 de
1659 689 1724 750 quo
1742 674 1804 734 etsi
1821 688 1875 733 res
1892 673 1966 748 ipsa

238 797 305 842 non
322 779 470 840 videatur
488 795 605 855 parum
624 784 752 856 aperta,
771 796 838 839 non
850 784 960 855 potest
971 781 1092 858 ubique
1107 779 1375 840 commodissime
1391 777 1543 853 explicari
1556 776 1603 835 ita
1616 779 1653 834 ut
1665 776 1804 836 alterum
1816 775 1965 851 protinus

240 882 281 942 ad
302 887 393 941 tuam
417 881 614 942 sententiam
637 880 845 952 transducas,
867 882 938 943 fieri
954 883 1048 943 aliter
1065 898 1132 943 non
1149 882 1255 956 potuit
1272 896 1371 957 quam
1389 883 1426 939 ut
1443 879 1555 938 multis
1571 878 1652 939 locis
1671 879 1703 938 in
1722 876 1965 937 diversissimas

239 988 346 1061 partes
365 984 504 1043 abierint
520 982 581 1042 viri
603 982 690 1043 docti
709 991 742 1043 et
760 983 946 1043 etiamnunc
965 984 1093 1044 abeant.
1127 984 1344 1044 Nihilominus
1362 986 1483 1054 tamen,
1503 996 1604 1058 quum
1622 980 1755 1039 omnino
1773 994 1825 1038 me
1844 994 1965 1054 operae

237 1086 378 1161 pretium
397 1083 560 1144 facturum
577 1100 757 1161 sperarem,
776 1085 804 1143 si
821 1085 908 1147 hunc
926 1087 1134 1162 potissimum
1151 1086 1261 1146 locum
1280 1085 1388 1162 aliqua
1401 1101 1441 1145 ex
1454 1087 1545 1160 parte
1558 1086 1748 1154 tractarem,
1762 1097 1828 1141 non
1842 1080 1964 1141 inritus

237 1188 299 1248 has
318 1191 428 1263 partes
447 1187 585 1262 suscepi.

408 1289 524 1348 Restat
540 1290 577 1346 ut
600 1286 808 1362 praemittam
830 1288 986 1346 nonnulla
1008 1288 1049 1349 de
1071 1293 1143 1349 tota
1164 1289 1262 1348 huius
1280 1289 1465 1364 scriptionis
1483 1287 1609 1347 ratione
1628 1290 1660 1345 et
1678 1283 1889 1343 institutione.
1922 1283 1964 1343 Et

240 1390 526 1465 Metamorphoses
545 1388 678 1466 quidem
695 1388 780 1462 elegi
798 1386 839 1447 ad
858 1387 905 1460 id,
924 1388 1012 1465 quod
1031 1392 1192 1465 explicare
1209 1392 1375 1462 volebam,
1392 1388 1634 1460 illustrandum,
1654 1385 1742 1463 quod
1760 1391 1793 1445 et
1811 1385 1965 1445 Ovidium

241 1508 408 1554 summum
429 1492 542 1550 talium
566 1507 676 1551 rerum
698 1490 858 1549 artificem
881 1504 955 1549 esse
976 1490 1075 1567 inque
1094 1508 1191 1554 omne
1210 1497 1340 1568 tempus
1358 1493 1490 1569 reliquis
1509 1491 1614 1566 poetis
1633 1488 1799 1563 specimen
1818 1489 1965 1549 extitisse

241 1598 325 1657 inter
354 1609 469 1654 omnes
497 1596 627 1653 constat
653 1595 687 1651 et
711 1591 764 1650 hic
789 1590 872 1650 liber
898 1607 938 1650 ex
959 1591 998 1651 iis
1022 1597 1085 1665 est,
1113 1596 1168 1672 qui
1190 1597 1224 1655 in
1245 1595 1331 1655 ludis
1353 1595 1504 1654 litorariis
1525 1589 1788 1668 frequentissime
1810 1591 1963 1650 manibus

243 1698 385 1756 tironum
409 1699 566 1754 teruntur.
602 1693 752 1753 Continui
771 1695 882 1751 autern
906 1709 959 1753 me
977 1694 1062 1755 inter
1079 1701 1206 1771 septem
1223 1698 1347 1772 priores
1366 1696 1466 1755 libros
1485 1694 1612 1755 adiecto
1631 1692 1763 1752 dimidio
1783 1693 1905 1763 octavi,
1922 1706 1965 1752 ne

240 1798 325 1856 ultra
343 1795 526 1870 scriptionis
544 1794 759 1855 scholasticae
777 1794 935 1853 terminos
953 1797 1137 1872 transgredi
1155 1803 1327 1874 cogeretur
1345 1798 1517 1873 expositio,
1532 1800 1565 1856 et
1576 1800 1613 1855 ut
1626 1795 1722 1854 simul
1736 1794 1965 1869 significarem,

242 1914 342 1976 quam
369 1913 447 1957 vere
474 1896 597 1956 dictum
623 1901 713 1956 esset
733 1896 809 1953 iam
823 1895 1013 1971 antiquitus,
1039 1900 1072 1957 ia
1093 1918 1154 1960 nac
1178 1919 1245 1960 ecce
1268 1903 1379 1960 omnia.
1424 1900 1496 1960 Non
1519 1898 1625 1974 potuit
1648 1901 1758 1956 autem
1784 1895 1864 1954 mihi
1888 1909 1963 1955 esse

241 2000 459 2075 propositum,
488 1997 527 2058 de
552 1998 676 2058 cunctis
696 1998 810 2073 figuris
831 1997 884 2057 hic
906 1996 1011 2058 fusius
1035 1997 1210 2062 disserere:
1234 2002 1317 2076 elegi
1341 2016 1411 2072 eas,
1436 2017 1517 2078 quas
1539 2000 1651 2075 putari
1672 1997 1964 2075 frequentissimas,

241 2103 288 2161 ita
312 2108 436 2171 tamen,
460 2104 498 2158 ut
514 2103 620 2160 totum
637 2100 761 2171 locum,
786 2099 842 2176 qui
864 2102 914 2159 est
933 2099 974 2160 de
991 2103 1108 2177 tropis,
1128 2099 1169 2161 de
1187 2100 1348 2162 industria
1366 2105 1566 2173 omitterem,
1590 2100 1630 2162 de
1650 2116 1714 2178 quo
1734 2099 1796 2158 alio
1814 2102 1963 2173 tempore

241 2204 399 2280 singulari
424 2202 533 2262 libello
559 2202 701 2261 scribere
729 2201 762 2260 in
791 2201 899 2260 animo
928 2205 987 2261 est.
1005 2235 1047 2245 -
1067 2203 1223 2277 Exempla
1240 2202 1442 2279 singularum
1464 2207 1643 2279 figurarum
1666 2203 1728 2263 etsi
1752 2200 1862 2258 multis
1883 2199 1964 2259 locis

242 2306 381 2381 plurima
407 2303 538 2378 collegi,
566 2303 668 2380 (quod
689 2303 774 2363 inter
798 2303 877 2361 alias
902 2319 1018 2363 causas
1042 2304 1141 2363 etiam
1166 2303 1240 2364 ideo
1265 2304 1327 2365 feci
1352 2313 1388 2365 ut
1410 2308 1437 2366 si
1461 2308 1533 2383 quis
1555 2305 1692 2380 posthac
1715 2302 1813 2362 vellet
1834 2305 1964 2360 ianuam

238 2408 397 2484 poeticum
415 2420 530 2479 reapse
549 2421 711 2478 reserare,
733 2420 817 2482 quae
836 2420 889 2464 res
908 2409 996 2464 recte
1014 2409 1154 2464 tractata
1172 2407 1283 2480 magni
1301 2407 1429 2467 ridetur
1445 2409 1565 2467 laboris
1585 2423 1673 2476 esse,
1691 2408 1805 2480 posset
1823 2402 1964 2480 aliquod,

244 2508 307 2566 etsi
326 2508 494 2582 exiguum,
513 2523 631 2581 operae
650 2506 880 2582 compendium
898 2505 1027 2581 facere),
1046 2522 1112 2567 non
1129 2509 1219 2582 potui
1238 2512 1362 2577 tamen,
1380 2525 1442 2567 nec
1456 2509 1556 2578 volui,
1571 2510 1682 2568 omnia
1694 2507 1814 2582 ubique
1829 2505 1963 2578 afferre3

242 2608 275 2666 id
298 2609 385 2668 enim
403 2613 440 2666 ut
456 2623 738 2683 supervacaneum
756 2612 807 2668 est
823 2608 870 2667 ita
886 2609 1055 2667 infinitum.
1090 2608 1159 2667 Iam
1176 2623 1255 2668 vero
1273 2625 1373 2684 quum
1392 2614 1484 2669 tanta
1502 2612 1544 2670 sit
1560 2611 1682 2685 ingenii
1700 2610 1832 2668 ubertas
1849 2606 1965 2678 Ovidii,

243 2715 280 2768 ut
297 2708 438 2771 eandem
455 2711 595 2784 figuram
614 2724 744 2768 summa
762 2725 837 2769 curn
856 2715 925 2770 arte
944 2712 1054 2770 multis
1072 2709 1178 2770 modis
1194 2710 1382 2780 variaverit,
1404 2711 1450 2769 ita
1466 2716 1504 2770 ut
1521 2713 1605 2771 inter
1622 2728 1658 2772 se
1676 2711 1840 2771 simillima
1854 2713 1966 2767 tamen

244 2813 353 2888 aliqua
375 2828 414 2872 ex
437 2816 529 2886 parte
547 2811 592 2869 ita
610 2810 775 2880 differant,
793 2816 830 2869 ut
845 2812 999 2885 peculiari
1017 2813 1158 2889 quadam
1177 2817 1348 2871 venustate
1367 2814 1524 2883 eniteant,
1548 2814 1658 2872 studui
1675 2812 1752 2873 illud
1771 2811 1913 2871 indicare
1932 2812 1967 2869 et

244 2913 405 2987 explicare
427 2913 461 2971 in
482 2913 545 2972 illis
567 2913 666 2982 notis,
690 2927 786 2988 quas,
811 2912 922 2972 dedita
943 2928 1043 2986 opera
1061 2914 1093 2972 in
1111 2914 1232 2972 arctius
1251 2918 1448 2983 contractas,
1474 2915 1553 2989 ipsis
1572 2916 1727 2991 exemplis
1746 2912 1965 2974 subiiciendae

243 3015 363 3089 putavi.
376 3047 419 3057 -
432 3014 538 3073 Locos
557 3017 720 3084 veterum,
745 3015 800 3091 qui
824 3014 864 3074 de
886 3014 938 3072 his
956 3015 1054 3074 rebus
1072 3015 1283 3089 scripserunt,
1307 3015 1459 3075 Auctoris
1477 3016 1684 3090 potissimum
1703 3015 1744 3074 ad
1763 3016 1966 3075 Herennium

245 3117 313 3192 (qui
334 3117 416 3175 liber
437 3115 597 3190 imprimis
621 3116 727 3175 bonae
750 3115 853 3191 frugis
874 3116 989 3190 plenus
1014 3117 1075 3191 est)
1099 3123 1131 3175 et
1150 3116 1367 3190 Quinctiliani‚
1391 3117 1551 3177 seriorum
1575 3117 1691 3177 deinde
1709 3117 1836 3177 illorum
1854 3116 1966 3175 Rutilii

244 3217 340 3292 Lupi,
359 3217 532 3292 Agricolae
549 3217 703 3288 Romani,
720 3217 790 3277 Iulii
807 3218 968 3277 Rufiniani
986 3218 1047 3276 etsi
1064 3222 1213 3292 poteram
1231 3217 1272 3275 ad
1291 3218 1437 3292 singulas
1451 3218 1519 3279 fere
1533 3220 1656 3294 figuras
1670 3217 1868 3287 adscribere,
1883 3218 1965 3276 satis

245 3324 359 3379 tamen
379 3319 493 3389 habui,
520 3320 573 3379 hic
594 3319 658 3377 illic
680 3334 879 3391 memorare,
904 3334 943 3379 eo
966 3318 1173 3393 potissimum
1196 3319 1345 3388 consilio,
1368 3323 1417 3391 ut,
1441 3321 1496 3396 qui
1519 3320 1695 3391 discerent,
1720 3320 1852 3389 scirent,
1876 3318 1964 3379 unde

246 3422 321 3480 illae
340 3435 393 3480 res
410 3417 571 3495 petendae
590 3424 709 3479 essent.
740 3419 901 3490 Similiter,
920 3436 995 3479 cum
1009 3418 1049 3478 de
1063 3426 1161 3493 poeta
1175 3421 1366 3491 scriberem,
1380 3421 1581 3496 pedestrium
1596 3423 1791 3498 scriptorum
1805 3421 1962 3495 exempla,

247 3524 309 3583 etsi
331 3521 494 3581 simillima
514 3536 581 3580 non
603 3535 677 3579 raro
701 3523 734 3580 et
755 3519 1034 3597 frequentissima,
1058 3521 1174 3582 afferre
1196 3538 1261 3581 non
1283 3524 1395 3596 putavi
1419 3540 1530 3583 meum
1554 3538 1641 3593 esse,
1664 3522 1750 3583 unde
1769 3522 1964 3599 quibusdam

246 3628 374 3684 tanturn
405 3623 438 3681 in
469 3622 549 3681 locis
576 3621 719 3679 tironum
744 3621 777 3680 in
803 3623 941 3696 gratiam
969 3623 1072 3683 citavi.
1124 3621 1157 3681 Si
1183 3624 1401 3683 recentiorum
1428 3626 1526 3684 etiam
1551 3626 1737 3701 linguarum
1763 3625 1964 3684 mentionem

246 3726 356 3795 inieci,
382 3723 445 3783 feci
466 3721 499 3781 id
520 3723 583 3782 hac
606 3728 730 3793 mente,
753 3727 791 3781 ut
813 3722 1089 3794 demonstrarem,
1116 3739 1214 3799 quam
1238 3728 1328 3785 arcto
1350 3727 1478 3787 vinculo
1502 3727 1621 3798 studia,
1646 3743 1729 3804 quae
1751 3725 1965 3785 humanitatis

247 3831 414 3896 vocentur,
437 3817 623 3885 etiamnunc
646 3839 721 3884 cum
742 3827 874 3885 noshae
897 3827 1014 3886 aetatis
1037 3825 1160 3885 artibus
1181 3826 1350 3904 literisque
1373 3830 1600 3889 contineantur
1617 3835 1823 3907 quantusque
1841 3827 1965 3889 fructus

245 3927 344 3988 hodie
362 3928 462 3987 etiam
480 3926 597 3986 exiliis
615 3926 735 4002 percipi
751 3927 863 4001 possit.
